@inproceedings{utiyama2007comparison,
  title={A comparison of pivot methods for phrase-based statistical machine translation},
  author={Utiyama, Masao and Isahara, Hitoshi},
  booktitle={Human Language Technologies 2007: The Conference of the North American Chapter of the Association for Computational Linguistics; Proceedings of the Main Conference},
  pages={484--491},
  year={2007}
}
